@Comment >----------------------------------------BACKGROUND----------------------------------------<

@article{Lantoine2014,
author = {Lantoine, G. and McElrath, T.P.},
year = {2014},
month = {01},
pages = {3721-3736},
title = {Families of Solar-Perturbed Moon-to-Moon Transfers},
volume = {152},
journal = {Advances in the Astronautical Sciences}
}

@inproceedings{Mcelrath2012,
title={Using Gravity Assists in the Earth-moon System as a Gateway to the Solar System},
author={T. Mcelrath and G. Lantoine and D. Landau and D. Grebow and N. Strange and Roby S. Wilson and J. Sims},
year={2012}
}

@article{Strange2008,
author = {Strange, Nathan and Russell, Ryan and Buffington, Brent},
year = {2008},
month = {01},
pages = {},
title = {Mapping the V-infinity globe},
volume = {129},
journal = {Advances in the Astronautical Sciences}
}

@inproceedings{Yarnoz2016,
title={Tisserand-Poincar{\'e} Graph and Multiple Lunar Swingby Design with Sun Perturbations},
author={D. G. Y{\'a}rnoz and C. Yam and S. Campagnola and Y. Kawakatsu},
year={2016}
}

@article{Chen2016,
  title={Earth Escape from a Sun-Earth Halo Orbit using Unstable Manifold and Lunar Swingbys},
  author={Hongru Chen and Yasuhiro Kawakatsu and Toshiya Hahada},
  journal={Transactions of the Japan Society for Aeronautical and Space Sciences},
  volume={59},
  number={5},
  pages={269-277},
  year={2016},
  doi={10.2322/tjsass.59.269}
}


@inproceedings{Chen2017,
title = "The use of luni-solar gravity assists for asteroid retrieval",
author = "Hongru Chen",
year = "2017",
language = "English",
isbn = "9780877036371",
series = "Advances in the Astronautical Sciences",
publisher = "Univelt Inc.",
pages = "4043--4060",
editor = "Sims, {Jon A.} and Leve, {Frederick A.} and McMahon, {Jay W.} and Yanping Guo",
booktitle = "Spaceflight Mechanics 2017",
address = "United States",

}


@article{Kalantonis2020,
author = {Kalantonis, Vassilis},
year = {2020},
month = {05},
pages = {72},
title = {Numerical Investigation for Periodic Orbits in the Hill Three-Body Problem},
volume = {6},
journal = {Universe},
doi = {10.3390/universe6060072}
}